@inproceedings{ChiesaLMZ23,
  author    = {Chiesa, Alessandro and Lehmkuhl, Ryan and Mishra, Pratyush and Zhang, Yinuo},
  title     = {\textsc{Eos}: Efficient Private Delegation of zkSNARK Provers},
  booktitle = {(32nd USENIX Security Symposium)},
  series    = {USENIX Security 2023},
  year      = {2023},
}
@inproceedings{LehmkuhlMSP21,
  author    = {Lehmkuhl, Ryan and Mishra, Pratyush and Srinivasan, Akshayaram and Popa, Raluca Ada},
  title     = {\textsc{Muse}: Secure CNN Inference for Malicious Clients},
  booktitle = {(30th USENIX Security Symposium)},
  series    = {USENIX Security 2021},
  year      = {2021},
  url       = {https://eprint.iacr.org/2021/1040},
}
@inproceedings{BuenzCLMS20,
  author    = {B{\"{u}}nz, Benedikt and Chiesa, Alessandro and Lin, William and Mishra, Pratyush and Spooner, Nicholas},
  title     = {Proof-Carrying Data without Succinct Arguments},
  booktitle = {(41st Annual International Cryptology Conference)},  
  series    = {CRYPTO 2021},
  year      = {2021},
  url       = {https://eprint.iacr.org/2020/1618},
}
@inproceedings{BuenzMMTV19,
  author    = {B{\"{u}}nz, Benedikt and Maller, Mary and Mishra, Pratyush and Tyagi, Nirvan and Vesely, Psi},
  title     = {Proofs for Inner Pairing Products and Applications},
  booktitle = {(27th Annual International Conference on the Theory and Application of Cryptology and Information Security)},
  series    = {ASIACRYPT 2021},
  year      = {2021},
  url       = {https://eprint.iacr.org/2019/1177},
}
@inproceedings{BuenzCMS20,
  author    = {B{\"{u}}nz, Benedikt and Chiesa, Alessandro and Mishra, Pratyush and Spooner, Nicholas},
  title     = {Proof-Carrying Data from Accumulation Schemes},
  booktitle = {(18th Theory of Cryptography Conference)},
  series    = {TCC 2020},
  date      = {2020-11-01},
  url       = {https://eprint.iacr.org/2020/499},
}
@inproceedings{MishraLSZP20,
  author    = {Mishra, Pratyush and Lehmkuhl, Ryan and Srinivasan, Akshayaram and Zheng, Wenting and Popa, Raluca Ada},
  title     = {\textsc{Delphi}: {A} Cryptographic Inference Service for Neural Networks},
  booktitle = {(29th USENIX Security Symposium)},
  series    = {USENIX Security 2020},
  date      =  {2020-08-01},
  url       = {https://eprint.iacr.org/2020/050},
}
@inproceedings{ChiesaHMMVW20,
  author    = {Chiesa, Alessandro and Hu, Yuncong and Maller, Mary and Mishra, Pratyush and Vesely, Psi and Ward, Nicholas},
  title     = {\textsc{Marlin}: Preprocessing {zkSNARKs} with Universal and Updatable {SRS}},
  booktitle = {(39th Annual International Conference on the Theory and Applications of Cryptographic Techniques)},
  series    = {EUROCRYPT 2020},
  date      =  {2020-05-01},
  url       = {https://eprint.iacr.org/2019/1047},
}
@inproceedings{BoweCGMMW20,
  author    = {Bowe, Sean and Chiesa, Alessandro and Green, Matthew and Miers, Ian and Mishra, Pratyush and Wu, Howard},
  title     = {\textsc{Zexe}: Enabling Decentralized Private Computation},
  booktitle = {(41st IEEE Symposium on Security and Privacy)},
  series    = {IEEE S\&P 2020},
  date      =  {2020-05-25},
  url       = {https://eprint.iacr.org/2018/962},
}

@inproceedings{MishraPCCP18,
  author    = {Mishra, Pratyush and Poddar, Rishabh and Chen, Jerry and Chiesa, Alessandro and Popa, Raluca Ada},
  title     = {\textsc{Oblix}: An Efficient Oblivious Search Index},
  booktitle = {(39th IEEE Symposium on Security and Privacy)},
  series    = {{IEEE} S\&P 2018},
  year      = {2018},
  url       = {https://people.eecs.berkeley.edu/~pratyushmishra/docs/papers/oakland18-oblix.pdf},
}

@inproceedings{ChiesaGLMMM17,
  author    = {Chiesa, Alessandro and Green, Matthew and Liu, Jingcheng and Miao, Peihan and Miers, Ian and Mishra, Pratyush},
  title     = {{Decentralized Anonymous Micropayments}},
  booktitle = {(36th Annual International Conference on the Theory and Applications of Cryptographic Techniques)},
  series    = {EUROCRYPT 2017},
  year      = {2017},
  url       = {https://eprint.iacr.org/2016/1033},
}

@inproceedings{HoLMHSW16,
  author    = {Ho, Grant and Leung, Derek and Mishra, Pratyush and Hosseini, Ashkan and Song, Dawn and Wagner, David},
  title     = {{Smart Locks: Lessons for Securing Commodity Internet of Things Devices}},
  booktitle = {(11th Asia Conference on Computer and Communications Security)},
  series    = {AsiaCCS 2016},
  year      = {2016},
  url       = {https://people.eecs.berkeley.edu/~pratyushmishra/docs/papers/asiaccs16-smartlock.pdf},
}

@inproceedings{CarliniMVZSSWZ16,
  author    = {Carlini, Nicholas and Mishra, Pratyush and Vaidya, Tavish and Zhang, Yuankai and Sherr, Micah and Shields, Clay and Wagner, {David} and Zhou, Wenchao},
  booktitle = {(25th USENIX Security Symposium)},
  title     = {{Hidden Voice Commands}},
  series    = {{USENIX} Security 2016},
  year      = {2016},
  url       = {https://people.eecs.berkeley.edu/~pratyushmishra/docs/papers/usenix16-hvc.pdf}
}


@inproceedings{PortnoffLEMLW15,
  author    = {Portnoff, Rebecca S. and Lee, {Linda N.} and Egelman, Serge and Mishra, Pratyush and Leung, Derek and Wagner, David},
  title     = {{Somebody's Watching Me?: Assessing the Effectiveness of Webcam Indicator Lights}},
  booktitle = {(33rd Annual Conference on Human Factors in Computing Systems)},
  series    = {{CHI} 2015},
  year      = {2015},
  url       = {https://people.eecs.berkeley.edu/~pratyushmishra/docs/papers/chi15-webcam.pdf},
}
