@misc{ChiesaLMZ21,
  author    = {Chiesa, Alessandro and Lehmkuhl, Ryan and Mishra, Pratyush and Zhang, Yinuo},
  title     = {Efficient Private Delegation of zkSNARK Provers},
  howpublished = {In preparation},
  year      = {2021},
}
@inproceedings{LehmkuhlMSP21,
  author    = {Lehmkuhl, Ryan and Mishra, Pratyush and Srinivasan, Akshayaram and Popa, Raluca Ada},
  title     = {\textsc{Muse}: Secure CNN Inference for Malicious Clients},
  booktitle = {Proceedings of the 30th USENIX Security Symposium},
  series    = {USENIX Security~'21},
  year      = {2021},
}
@inproceedings{BuenzCLMS20,
  author    = {B{\"{u}}nz, Benedikt and Chiesa, Alessandro and Lin, William and Mishra, Pratyush and Spooner, Nicholas},
  title     = {Proof-Carrying Data without Succinct Arguments},
  booktitle = {Proceedings of the 41st Annual International Cryptology Conference},  
  series = {CRYPTO~'21},
  year      = {2021},
}
@inproceedings{BuenzMMTV19,
  author    = {B{\"{u}}nz, Benedikt and Maller, Mary and Mishra, Pratyush and Tyagi, Nirvan and Vesely, Psi},
  title     = {Proofs for Inner Pairing Products and Applications},
  booktitle = {Proceedings of the 27th Annual International Conference on the Theory and Application of Cryptology and Information Security},
  series = {ASIACRYPT~'21},
  year      = {2021},
}
@inproceedings{BuenzCMS20,
  author    = {B{\"{u}}nz, Benedikt and Chiesa, Alessandro and Mishra, Pratyush and Spooner, Nicholas},
  title     = {Proof-Carrying Data from Accumulation Schemes},
  booktitle = {Proceedings of the 18th Theory of Cryptography Conference},
  series    = {TCC~'20},
  date     =  {2020-11-01},
}
@inproceedings{MishraLSZP20,
  author    = {Mishra, Pratyush and Lehmkuhl, Ryan and Srinivasan, Akshayaram and Zheng, Wenting and Popa, Raluca Ada},
  title     = {\textsc{Delphi}: {A} Cryptographic Inference Service for Neural Networks},
  booktitle = {Proceedings of the 29th USENIX Security Symposium},
  series    = {USENIX Security~'20},
  date     =  {2020-08-01},
}
@inproceedings{ChiesaHMMVW20,
  author    = {Chiesa, Alessandro and Hu, Yuncong and Maller, Mary and Mishra, Pratyush and Vesely, Psi and Ward, Nicholas},
  title     = {\textsc{Marlin}: Preprocessing {zkSNARKs} with Universal and Updatable {SRS}},
  booktitle = {Proceedings of the 39th Annual International Conference on the Theory and Applications of Cryptographic Techniques},
  series    = {EUROCRYPT~'20},
  date     =  {2020-05-01},
}
@inproceedings{BoweCGMMW20,
  author    = {Bowe, Sean and Chiesa, Alessandro and Green, Matthew and Miers, Ian and Mishra, Pratyush and Wu, Howard},
  title     = {\textsc{Zexe}: Enabling Decentralized Private Computation},
  booktitle = {Proceedings of the 41st IEEE Symposium on Security and Privacy},
  series    = {IEEE S\&P~'20},
  date     =  {2020-05-25},
}

@inproceedings{MishraPCCP18,
  author    = {Mishra, Pratyush and Poddar, Rishabh and Chen, Jerry and Chiesa, Alessandro and Popa, Raluca Ada},
  title     = {\textsc{Oblix}: An Efficient Oblivious Search Index},
  booktitle = {Proceedings of the 39th IEEE Symposium on Security and Privacy},
  series    = {{IEEE} S\&P~'18},
  year      = {2018},
}

@inproceedings{ChiesaGLMMM17,
  author    = {Chiesa, Alessandro and Green, Matthew and Liu, Jingcheng and Miao, Peihan and Miers, Ian and Mishra, Pratyush},
  title     = {{Decentralized Anonymous Micropayments}},
  booktitle = {Proceedings of the 36th Annual International Conference on the Theory and Applications of Cryptographic Techniques},
  series    = {EUROCRYPT~'17},
  year      = {2017},
}

@inproceedings{HoLMHSW16,
  author    = {Ho, Grant and Leung, Derek and Mishra, Pratyush and Hosseini, Ashkan and Song, Dawn and Wagner, David},
  title     = {{Smart Locks: Lessons for Securing Commodity Internet of Things Devices}},
  booktitle = {Proceedings of the 11th Asia Conference on Computer and Communications Security},
  series    = {AsiaCCS~'16},
  year      = {2016},
}

@inproceedings{CarliniMVZSSWZ16,
  author    = {Carlini, Nicholas and Mishra, Pratyush and Vaidya, Tavish and Zhang, Yuankai and Sherr, Micah and Shields, Clay and Wagner, {David} and Zhou, Wenchao},
  booktitle = {Proceedings of the 25th USENIX Security Symposium},
  title     = {{Hidden Voice Commands}},
  series    = {{USENIX} Security~'16},
  year      = {2016},
}


@inproceedings{PortnoffLEMLW15,
  author    = {Portnoff, Rebecca S. and Lee, {Linda N.} and Egelman, Serge and Mishra, Pratyush and Leung, Derek and Wagner, David},
  title     = {{Somebody's Watching Me?: Assessing the Effectiveness of Webcam Indicator Lights}},
  booktitle = {Proceedings of the 33rd Annual Conference on Human Factors in Computing Systems},
  series    = {{CHI}~'15},
  year      = {2015},
}
