@inproceedings{ChiesaGLMMM17,
  author    = {Chiesa, Alessandro and Green, Matthew and Liu, Jingcheng and Miao, Peihan and Miers, Ian and \textbf{Pratyush Mishra}\footnotemark},
  title     = {\emph{Decentralized Anonymous Micropayments}},
  series    = {EUROCRYPT~'17}
}

@inproceedings{HoLMHSW16,
  author    = {Ho, Grant and Leung, Derek and \textbf{Pratyush Mishra} and Hosseini, Ashkan and Song, Dawn and Wagner, David},
  title     = {\emph{Smart Locks: Lessons for Securing Commodity Internet of Things Devices}},
  series    = {AsiaCCS~'16},
}

@inproceedings{CarliniMVZSSWZ16,
  author    = {Carlini, Nicholas and \textbf{Pratyush Mishra}\footnotemark and Vaidya, Tavish and Zhang, Yuankai and Sherr, Micah and Shields, Clay and Wagner, {David} and Zhou, Wenchao},
  title     = {\emph{Hidden Voice Commands}},
  series    = {{USENIX} Security~'16},
}


@inproceedings{PortnoffLEMLW15,
  author    = {Portnoff, Rebecca S. and Lee, {Linda N.} and Egelman, Serge and \textbf{Pratyush Mishra} and Leung, Derek and Wagner, David},
  title     = {\emph{Somebody's Watching Me?: Assessing the Effectiveness of Webcam Indicator Lights}},
  series    = {{CHI}~'15},
}
