@string{jacm = "Journal of the ACM"}
@string{math_comp = "Mathematics of Computation"}
@string{toit = "IEEE Transactions on Information Theory"}
@string{jcomp = "SIAM Journal on Computing"}
@string{jcrypto = "Journal of Cryptology"}
@string{jcss = "Journal of Computer and System Sciences"}
@preamble{ "\newcommand{\CryptoEprint}{Cryptology ePrint Archive, Report}" }
