@string{jacm = "JACM"}
@string{math_comp = "Math. Comp."}
@string{toit = "IEEE Trans. on Inf. Theory"}
@string{jcomp = "SIAM J. Comp."}
@string{jcrypto = "J. Cryptol."}
@string{jcss = "J. Comput. Syst. Sci."}
@preamble{ "\newcommand{\CryptoEprint}{ePrint Report}" }
