@misc{BoweCGMMW18,
  author    = {Bowe, Sean and Chiesa, Alessandro and Green, Matthew and Miers, Ian and \textbf{Pratyush Mishra} and Wu, Howard},
  title     = {{{ZEXE}: Enabling Decentralized Private Computation}},
  howpublished = {Cryptology ePrint Archive, Report 2018/962},
  year      = {2018},
}

@inproceedings{MishraPCCP18,
  author    = {\textbf{Pratyush Mishra} and Poddar, Rishabh and Chen, Jerry and Chiesa, Alessandro and Popa, Raluca Ada},
  title     = {{{Oblix}: An Efficient Oblivious Search Index}},
  series    = {{IEEE} Security and Privacy~'18},
  year      = {2018},
}

@inproceedings{ChiesaGLMMM17,
  author    = {Chiesa, Alessandro and Green, Matthew and Liu, Jingcheng and Miao, Peihan and Miers, Ian and \textbf{Pratyush Mishra}},
  title     = {{Decentralized Anonymous Micropayments}},
  series    = {EUROCRYPT~'17},
  year      = {2017},
}

@inproceedings{HoLMHSW16,
  author    = {Ho, Grant and Leung, Derek and \textbf{Pratyush Mishra} and Hosseini, Ashkan and Song, Dawn and Wagner, David},
  title     = {{Smart Locks: Lessons for Securing Commodity Internet of Things Devices}},
  series    = {AsiaCCS~'16},
  year      = {2016},
}

@inproceedings{CarliniMVZSSWZ16,
  author    = {Carlini, Nicholas and \textbf{Pratyush Mishra} and Vaidya, Tavish and Zhang, Yuankai and Sherr, Micah and Shields, Clay and Wagner, {David} and Zhou, Wenchao},
  title     = {{Hidden Voice Commands}},
  series    = {{USENIX} Security~'16},
  year      = {2016},
}


@inproceedings{PortnoffLEMLW15,
  author    = {Portnoff, Rebecca S. and Lee, {Linda N.} and Egelman, Serge and \textbf{Pratyush Mishra} and Leung, Derek and Wagner, David},
  title     = {{Somebody's Watching Me?: Assessing the Effectiveness of Webcam Indicator Lights}},
  series    = {{CHI}~'15},
  year      = {2015},
}
