@inproceedings{chi15-webcam,
 author   = {Portnoff, Rebecca S. and Lee, Linda N. and Egelman, Serge and
              Mishra, Pratyush and Leung, Derek and Wagner, David},
 title    = "Somebody's Watching Me?: Assessing the Effectiveness of Webcam Indicator Lights",
 series   = "CHI `15",
}

@inproceedings{oakland16-hvc,
  author = {Carlini, Nicholas and Mishra, Pratyush and Vaidya, Tavish and Zhang, Yuankai and
            Sherr, Micah and Shields, Clay and Wagner, David and Zhou, Wenchao},
  title  = "Hidden Voice Commands",
  year   = "Submission",
}

@inproceedings{asiaccs16-smartlock,
  author = {Ho, Grant and Leung, Derek and Mishra, Pratyush and Hosseini, Ashkan and
            Song, Dawn and Wagner, David},
  title  = "Smart Locks: Lessons for Securing Commodity Internet of Things Devices",
  series = "AsiaCCS `16",
}

@inproceedings{crypto16-dam,
  author = {Chiesa, Alessandro and Green, Matthew and Liu, Jingcheng and Miao, Peihan and
            Miers, Ian and Mishra, Pratyush},
  title  = "Decentralized Anonymous Payments",
  year   = "Submission",
}
